@article{transformers-effectiveness,
  title={Are transformers effective for time series forecasting?},
  author={Zeng, Ailing and Chen, Muxi and Zhang, Lei and Xu, Qiang},
  journal={arXiv preprint arXiv:2205.13504},
  year={2022}
}

@article{forecasting-overview,
  title={Energy forecasting tools and services},
  author={Gonz{\'a}lez Ordiano, Jorge {\'A} and Waczowicz, Simon and Hagenmeyer, Veit and Mikut, Ralf},
  journal={Wiley Interdisciplinary Reviews: Data Mining and Knowledge Discovery},
  volume={8},
  number={2},
  pages={e1235},
  year={2018},
  publisher={Wiley Online Library}
}

@set{Windpark_Data_1,
  author       = {Plumley, Charlie},
  title        = {Kelmarsh wind farm data},
  month        = feb,
  year         = 2022,
  publisher    = {Zenodo},
  version      = {0.0.4},
  doi          = {10.5281/zenodo.7212475},
  url          = {https://doi.org/10.5281/zenodo.7212475}
}

@misc{probabilistic-embeddings,
      title={T-Rep: Representation Learning for Time Series using Time-Embeddings}, 
      author={Archibald Fraikin and Adrien Bennetot and Stéphanie Allassonnière},
      year={2023},
      eprint={2310.04486},
      archivePrefix={arXiv},
      primaryClass={cs.LG}
}

@article{vanilla-transformer,
  title={Attention is all you need},
  author={Vaswani, Ashish and Shazeer, Noam and Parmar, Niki and Uszkoreit, Jakob and Jones, Llion and Gomez, Aidan N and Kaiser, {\L}ukasz and Polosukhin, Illia},
  journal={Advances in neural information processing systems},
  volume={30},
  year={2017}
}

@misc{Informer,
      title={Informer: Beyond Efficient Transformer for Long Sequence Time-Series Forecasting}, 
      author={Haoyi Zhou and Shanghang Zhang and Jieqi Peng and Shuai Zhang and Jianxin Li and Hui Xiong and Wancai Zhang},
      year={2021},
      eprint={2012.07436},
      archivePrefix={arXiv},
      primaryClass={cs.LG}
}

@misc{autoformer,
      title={Autoformer: Decomposition Transformers with Auto-Correlation for Long-Term Series Forecasting}, 
      author={Haixu Wu and Jiehui Xu and Jianmin Wang and Mingsheng Long},
      year={2022},
      eprint={2106.13008},
      archivePrefix={arXiv},
      primaryClass={cs.LG}
}

@set{Penmanshiel-Data,
  author       = {Plumley, Charlie},
  title        = {Penmanshiel Wind Farm Data},
  month        = feb,
  year         = 2022,
  publisher    = {Zenodo},
  version      = {0.0.2},
  doi          = {10.5281/zenodo.5946808},
  url          = {https://doi.org/10.5281/zenodo.5946808}
}

@article{MAPE,
  title={A new metric of absolute percentage error for intermittent demand forecasts},
  author={Kim, Sungil and Kim, Heeyoung},
  journal={International Journal of Forecasting},
  volume={32},
  number={3},
  pages={669--679},
  year={2016},
  publisher={Elsevier}
}

@article{MAE_RMSE,
  title={Another look at measures of forecast accuracy. 2005},
  author={Hyndman, Rob J and Koehler, Anne B},
  journal={International Journal of Forecasting},
  volume={22},
  number={4},
  year={2005}
}

@book{MSE,
  title={A Modern Introduction to Probability and Statistics: Understanding why and how},
  author={Dekking, Frederik Michel and Kraaikamp, Cornelis and Lopuha{\"a}, Hendrik Paul and Meester, Ludolf Erwin},
  volume={488},
  year={2005},
  publisher={Springer}
}

@article{resource_awareness,
  title={The importance of resource awareness in artificial intelligence for healthcare},
  author={Jia, Zhenge and Chen, Jianxu and Xu, Xiaowei and Kheir, John and Hu, Jingtong and Xiao, Han and Peng, Sui and Hu, Xiaobo Sharon and Chen, Danny and Shi, Yiyu},
  journal={Nature Machine Intelligence},
  pages={1--12},
  year={2023},
  publisher={Nature Publishing Group UK London}
}

@article{AI_energy_consumption,
  title={Trends in AI inference energy consumption: Beyond the performance-vs-parameter laws of deep learning},
  author={Desislavov, Radosvet and Mart{\'\i}nez-Plumed, Fernando and Hern{\'a}ndez-Orallo, Jos{\'e}},
  journal={Sustainable Computing: Informatics and Systems},
  volume={38},
  pages={100857},
  year={2023},
  publisher={Elsevier}
}
